<record xmlns="http://www.loc.gov/MARC21/slim" xmlns:xsi="http://www.w3.org/2001/XMLSchema-instance" xsi:schemaLocation="http://www.loc.gov/MARC21/slim http://www.loc.gov/standards/marcxml/schema/MARC21slim.xsd"><leader>01766nam a2200349   4500</leader><controlfield tag="001">001685356</controlfield><controlfield tag="003">NNU</controlfield><controlfield tag="006">m        d        </controlfield><controlfield tag="007">cr cn |||m|||a</controlfield><controlfield tag="008">150116s1964    iq c    ob    000 0 arard</controlfield><datafield ind1=" " ind2=" " tag="040"><subfield code="a">NNU</subfield><subfield code="b">eng</subfield><subfield code="c">NNU</subfield></datafield><datafield ind1=" " ind2="4" tag="050"><subfield code="a">PJ6860.K8</subfield><subfield code="b">H3</subfield></datafield><datafield ind1=" " ind2=" " tag="066"><subfield code="c">(3</subfield></datafield><datafield ind1="1" ind2=" " tag="100"><subfield code="6">880-01</subfield><subfield code="a">&#7716;anaf&#299;, Jal&#257;l</subfield></datafield><datafield ind1="1" ind2="0" tag="245"><subfield code="6">880-02</subfield><subfield code="a">Mu&#699;jam al-alf&#257;&#7827; al-Kuwaytiyah</subfield><subfield code="h">[electronic resource] :</subfield><subfield code="b">f&#299; al-khu&#7789;a&#7789; wa-al-lahaj&#257;t wa-al-b&#299;&#700;ah /</subfield><subfield code="c">ta&#700;l&#299;f Jal&#257;l al-&#7716;anaf&#299; al-Baghd&#257;d&#299;.</subfield></datafield><datafield ind1="1" ind2="4" tag="246"><subfield code="a">Dictionary of the Kuwaiti vocabulary in cartography, dialects, and social environment</subfield></datafield><datafield ind1=" " ind2=" " tag="260"><subfield code="6">880-03</subfield><subfield code="a">Baghd&#257;d :</subfield><subfield code="b">Ma&#7789;ba&#699;at As&#699;ad,</subfield><subfield code="c">1964.</subfield></datafield><datafield ind1=" " ind2=" " tag="300"><subfield code="a">online resource (424 p.) :</subfield><subfield code="b">port.</subfield></datafield><datafield ind1=" " ind2=" " tag="500"><subfield code="a">Part of the Arabic Collections Online (ACO) project, contributed by New York Univeristy Libraries.</subfield></datafield><datafield ind1=" " ind2=" " tag="504"><subfield code="a">Bibliography: p. 416-417.</subfield></datafield><datafield ind1=" " ind2=" " tag="500"><subfield code="a">Cover title: Dictionary of the Kuwaiti vocabulary in cartography, dialects, and social environment.</subfield></datafield><datafield ind1=" " ind2=" " tag="533"><subfield code="a">Electronic reproduction.</subfield><subfield code="b">New York, N.Y. :</subfield><subfield code="c">New York University,</subfield><subfield code="d">2015.</subfield><subfield code="5">NNU</subfield></datafield><datafield ind1=" " ind2="0" tag="650"><subfield code="a">Arabic language</subfield><subfield code="x">Dialects</subfield><subfield code="z">Kuwait.</subfield></datafield><datafield ind1="2" ind2=" " tag="710"><subfield code="a">New York University.</subfield><subfield code="b">Libraries.</subfield></datafield><datafield ind1="0" ind2=" " tag="730"><subfield code="a">Arabic Collections Online.</subfield></datafield><datafield ind1="0" ind2="8" tag="776"><subfield code="i">Print version:</subfield><subfield code="a">&#7716;anaf&#299;, Jal&#257;l 880-01</subfield><subfield code="t">Mu&#699;jam al-alf&#257;&#7827; al-Kuwaytiyah</subfield><subfield code="w">(NNU)001685356</subfield><subfield code="w">(DLC)ne 64002794</subfield></datafield><datafield ind1="4" ind2="0" tag="856"><subfield code="u">http://hdl.handle.net/2333.1/p8cz8z4c</subfield></datafield><datafield ind1="1" ind2=" " tag="880"><subfield code="6">100-01/</subfield><subfield code="a">&#1581;&#1606;&#1601;&#1610;&#1548; &#1580;&#1604;&#1575;&#1604;.</subfield></datafield><datafield ind1="1" ind2="0" tag="880"><subfield code="6">245-02/</subfield><subfield code="a">&#1605;&#1593;&#1580;&#1605; &#1575;&#1604;&#1571;&#1604;&#1601;&#1575;&#1592; &#1575;&#1604;&#1603;&#1608;&#1610;&#1578;&#1610;&#1577; :</subfield><subfield code="b">&#1601;&#1610; &#1575;&#1604;&#1582;&#1591;&#1591; &#1608;&#1575;&#1604;&#1604;&#1607;&#1580;&#1575;&#1578; &#1608;&#1575;&#1604;&#1576;&#1610;&#1574;&#1577; /</subfield><subfield code="c">&#1578;&#1571;&#1604;&#1610;&#1601; &#1580;&#1604;&#1575;&#1604; &#1575;&#1604;&#1581;&#1606;&#1601;&#1610; &#1575;&#1604;&#1576;&#1594;&#1583;&#1575;&#1583;&#1610;.</subfield></datafield><datafield ind1=" " ind2=" " tag="880"><subfield code="6">260-03/</subfield><subfield code="a">&#1576;&#1594;&#1583;&#1575;&#1583; :</subfield><subfield code="b">&#1605;&#1591;&#1576;&#1593;&#1577; &#1571;&#1587;&#1593;&#1583;&#1548;</subfield><subfield code="c">1964.</subfield></datafield><datafield ind1=" " ind2=" " tag="959"><subfield code="a">NNU</subfield><subfield code="b">WEB</subfield><subfield code="c">GENI</subfield><subfield code="t">0</subfield><subfield code="m">Electronic access</subfield><subfield code="s">01</subfield></datafield><datafield ind1=" " ind2=" " tag="999"><subfield code="i">NNU_001685356</subfield><subfield code="o" /><subfield code="e">(ERROR-880)</subfield></datafield></record>